@article{Fortunato2021,
    author  = {Fortunato, Laura  and Galassi, Mark },
    title   = {The case for free and open source software in research and scholarship},
    journal = {Philosophical Transactions of the Royal Society A: Mathematical, Physical and Engineering Sciences},
    volume  = {379},
    number  = {2197},
    pages   = {20200079},
    year    = {2021},
    doi     = {10.1098/rsta.2020.0079},
    URL     = {https://royalsocietypublishing.org/doi/abs/10.1098/rsta.2020.0079},
    eprint  = {https://royalsocietypublishing.org/doi/pdf/10.1098/rsta.2020.0079},
}

@misc{elad2024,
    title   = {Linux Statistics 2024 - Market Share, Usage Data and Facts},
    url     = {https://www.enterpriseappstoday.com/stats/linux-statistics.html},
    journal = {Enterprise Apps Today},
    author  = {Elad, Barry},
    year    = {2024},
    month   = {May}
}

@article{klang_2005,
    title   = {Free software and open source: The freedom debate and its consequences},
    volume  = {10},
    url     = {https://firstmonday.org/ojs/index.php/fm/article/view/1211},
    number  = {3},
    journal = {First Monday},
    author  = {Klang, Mathias},
    year    = {2005},
    month   = {Mar}
}

@book{stallman_free2002,
    address   = {Boston, Ma},
    title     = {Free software, free society : selected essays of Richard M. Stallman},
    ISBN      = {9781882114986},
    url       = {https://archive.org/details/free-software-free-society-selected-essays-of-richard-m.-stallman-3rd-edition},
    publisher = {Free Software Foundation},
    author    = {Stallman, Richard and Free Software Foundation (Cambridge, Mass},
    year      = {2002}
}

@misc{stallman1985,
    author       = {Richard M. Stallman},
    title        = {The GNU Manifesto},
    year         = {1985},
    url          = {https://www.gnu.org/gnu/manifesto.html},
    note         = {Originally published in Dr. Dobb's Journal, March 1985}
}

@misc{OSI2025,
    title   = {History of the OSI | Open Source Initiative},
    url     = {https://opensource.org/history},
    journal = {Opensource.org},
    author  = {Open Source Initiative},
    year    = {2011} 
}

@misc{OSD2025,
    title   = {The Open Source Definition | Open Source Initiative},
    url     = {https://opensource.org/osd},
    journal = {Opensource.org},
    author  = {Open Source Initiative},
    year    = {2007}
}

@misc{blender2019,
    title   = {blender/README.md at blender/blender},
    url     = {https://github.com/blender/blender/blob/969e70fed8f1d0a07275bf2eec91c07a47b2a100/README.md},
    journal = {GitHub},
    author  = {blender},
    year    = {2019}
}

@article{morin2012,
    doi = {10.1371/journal.pcbi.1002598},
    author = {Morin, Andrew AND Urban, Jennifer AND Sliz, Piotr},
    journal = {PLOS Computational Biology},
    publisher = {Public Library of Science},
    title = {A Quick Guide to Software Licensing for the Scientist-Programmer},
    year = {2012},
    month = {07},
    volume = {8},
    url = {https://doi.org/10.1371/journal.pcbi.1002598},
    pages = {1-7},
    abstract = {null},
    number = {7},
}

@misc{stallman2007,
    title   = {Why Upgrade to GPL Version 3 — GPLv3},
    url     = {https://gplv3.fsf.org/rms-why.html/},
    journal = {Fsf.org},
    author  = {Stallman, Richard},
    year    = {2007}
}

@misc{history,
    author  =  {Li-Cheng Tai},
    url     = {https://www.free-soft.org/gpl_history/},
    journal = {Free-soft.org},
    year    = {2025}
}

@article{SaltzerMITLicense,
    author   = {Saltzer, Jerome H.},
    journal  = {IEEE Annals of the History of Computing}, 
    title    = {The Origin of the “MIT License”}, 
    year     = {2020},
    volume   = {42},
    number   = {4},
    pages    = {94-98},
    keywords = {Licenses;Documentation;Copyright protection;Softtware;Programming},
    doi      = {10.1109/MAHC.2020.3020234}
}

@misc{githubUsage,
    author  = {GitHub},
    url     = {https://innovationgraph.github.com/global-metrics/licenses},
    journal = {Github.com},
    year    = {2023}
}

@misc{MITLicense,
    author       = {{Massachusetts Institute of Technology}},
    title        = {MIT License},
    year         = {1988},
    howpublished = {\url{https://opensource.org/licenses/MIT}},
}

@misc{GPLv3,
  author = {{Free Software Foundation}},
  title = {GNU General Public License Version 3},
  year = {2007},
  howpublished = {\url{https://www.gnu.org/licenses/gpl-3.0.html}},
}

@misc{apacheHistory,
    title   = {ASF History},
    url     = {https://apache.org/history/},
    journal = {Apache.org},
    author  = {Apache Software Foundation},
    year    = {2021}
}

@misc{ApacheLicense,
   author       = {{Apache Software Foundation}},
   title        = {Apache License Version 2.0},
   year         = {2004},
   howpublished = {\url{https://www.apache.org/licenses/LICENSE-2.0}},
}

@misc{BSD4Clause,
    author        = {{Regents of the University of California}},
    title         = {BSD 4-Clause License (Original BSD License)},
    year          = {1990},
    howpublished  = {\url{https://spdx.org/licenses/BSD-4-Clause.html}}
}

@misc{BSD3Clause,
    author        = {{Regents of the University of California}},
    title         = {BSD 3-Clause License (Modified BSD License)},
    year          = {1999},
    howpublished  = {\url{https://opensource.org/license/bsd-3-clause/}}
}

@misc{BSD2Clause,
    author        = {{Regents of the University of California}},
    title         = {BSD 2-Clause License (Simplified BSD License)},
    year          = {1999},
    howpublished  = {\url{https://opensource.org/license/bsd-2-clause/}}
}

@misc{unlicense,
    title   = {Unlicense Yourself: Set Your Code Free},
    url     = {https://unlicense.org/},
    journal = {Unlicense.org},
    author  = {Arto Bendiken},
    year    = {2024}
}

@misc{bendiken_2025,
    title   = {Set Your Code Free},
    url     = {https://ar.to/2010/01/set-your-code-free},
    journal = {Arto Bendiken},
    author  = {Arto Bendiken},
    year    = {2025}
}

@techreport{Ritvo2017,
    author       = {Ritvo, Dalia and Hessekiel, Kira and Bavitz, Christopher},
    title        = {Challenges \& Opportunities Concerning Corporate Formation, Nonprofit Status, \& Governance for Open Source Projects},
    institution  = {Berkman Klein Center for Internet \& Society, Harvard University},
    year         = {2017},
    number       = {2017-3},
    type         = {Research Publication},
    note         = {Harvard Public Law Working Paper No. 17-31},
    url          = {https://ssrn.com/abstract=2937956},
}

@misc{fairchild_2018,
    title   = {Guido van Rossum Stepping Down from Role as Python’s Benevolent Dictator For Life},
    url     = {https://www.linuxjournal.com/content/guido-van-rossum-stepping-down-role-pythons-benevolent-dictator-life},
    journal = {www.linuxjournal.com},
    author  = {Fairchild, Carlie},
    year    = {2018},
    month   = {Jul}
}

@misc{RustRFC2021,
    author       = {Miguel Ojeda},
    title        = {[RFC PATCH 00/13] Rust support},
    howpublished = {\url{https://lore.kernel.org/lkml/20210414184604.23473-1-ojeda@kernel.org/}},
    year         = {2021},
    note         = {Linux Kernel Mailing List}
}

@misc{Ojeda2023,
    author        = {Miguel Ojeda},
    title         = {Re: Minimum Supported Rust Version},
    howpublished  = {\url{https://lore.kernel.org/rust-for-linux/CANiq72m-R0tOakf=j7BZ78jDHdy=9-fvZbAT8j91Je2Bxy0sFg@mail.gmail.com/}},
    year          = {2023},
    note          = {Rust-for-Linux Mailing List}
}

@misc{zijlstra_2025,
    title   = {RE: [RFC PATCH 00/13] Rust support},
    url     = {https://lore.kernel.org/lkml/YHiMyE4E1ViDcVPi@hirez.programming.kicks-ass.net/},
    journal = {Kernel.org},
    author  = {Zijlstra, Peter},
    year    = {2025}
}

@misc{hellwig_2025,
    title   = {Re: Rust kernel policy},
    url     = {https://lore.kernel.org/rust-for-linux/Z7SwcnUzjZYfuJ4-@infradead.org/},
    journal = {Kernel.org},
    author  = {Hellwig, Cristopher},
    year    = {2025}
}

@misc{torvalds_2025,
    title   = {Re: Rust kernel policy},
    url     = {https://lore.kernel.org/rust-for-linux/CAHk-=wgLbz1Bm8QhmJ4dJGSmTuV5w_R0Gwvg5kHrYr4Ko9dUHQ@mail.gmail.com/},
    journal = {Kernel.org},
    author  = {Torvalds, Linus},
    year    = {2025}
}

@misc{posch_2025,
    title   = {Freedesktop And Alpine Linux Looking For New Hosting},
    url     = {https://hackaday.com/2025/02/04/freedesktop-and-alpine-linux-looking-for-new-hosting/},
    journal = {Hackaday},
    author  = {Posch, Maya},
    year    = {2025},
    month   = {Feb}
}

@misc{larabel_2025,
    title   = {FreeDesktop.org Devises New Hosting Plan For GitLab Infrastructure - Phoronix},
    url     = {https://www.phoronix.com/news/FreeDesktop.org-Hosting-2025},
    journal = {Phoronix.com},
    author  = {Larabel, Michael},
    year    = {2025}
}